<?xml version="1.0" encoding="UTF-8"?><collection xmlns="http://www.loc.gov/MARC21/slim"><record><leader>00373nam--2200121-i-4500</leader><controlfield tag="001">000033350</controlfield><controlfield tag="002">20161230</controlfield><controlfield tag="005">20161230201039</controlfield><controlfield tag="008">060222s1000------------r-----000-0-eng-d</controlfield><datafield ind1=" " ind2=" " tag="245"><subfield code="a">Monographs and textbookks in material science. vol.5: atlas of binary alloys</subfield></datafield><datafield ind1=" " ind2=" " tag="260"><subfield code="a">New York, Marcel Dekker, Inc., 1973</subfield></datafield><datafield ind1=" " ind2=" " tag="700"><subfield code="a">Staudhammer, Karl P.And Murr, Lawrence E</subfield></datafield><datafield ind1=" " ind2=" " tag="852"><subfield code="a">76156</subfield></datafield></record></collection>